@inproceedings{Yazdi:2011,
	author = {Yazdi, Farzan and Vieritz, Helmut and Jazdi, Nasser and Schilberg, Daniel and G\"{o}hner, Peter and Jeschke, Sabina},
	title = {A concept for user-centered development of accessible user interfaces for industrial automation systems and web applications},
	booktitle = {Proceedings of the 6th international conference on Universal access in human-computer interaction: applications and services - Volume Part IV},
	series = {UAHCI'11},
	year = {2011},
	isbn = {978-3-642-21656-5},
	location = {Orlando, FL},
	pages = {301--310},
	numpages = {10},
	url = {http://dl.acm.org/citation.cfm?id=2030535.2030570},
	acmid = {2030570},
	publisher = {Springer-Verlag},
	address = {Berlin, Heidelberg},
	keywords = {accessibility, model-driven development, user interface modeling, user-centered design},
} 

@incollection{Leitner:2010,
	year={2010},
	isbn={978-3-642-14096-9},
	booktitle={Computers Helping People with Special Needs},
	volume={6179},
	series={Lecture Notes in Computer Science},
	editor={Miesenberger, Klaus and Klaus, Joachim and Zagler, Wolfgang and Karshmer, Arthur},
	doi={10.1007/978-3-642-14097-6_62},
	title={Organizational Motivations for Web Accessibility Implementation – A Case Study},
	url={http://dx.doi.org/10.1007/978-3-642-14097-6_62},
	publisher={Springer Berlin Heidelberg},
	keywords={web accessibility; design for all; case study research; business approach; motivation; change management},
	author={Leitner, Marie-Luise and Strauss, Christine},
	pages={392-399}
}

@incollection{Vieritz:2010,
	year={2010},
	isbn={978-3-642-14096-9},
	booktitle={Computers Helping People with Special Needs},
	volume={6179},
	series={Lecture Notes in Computer Science},
	editor={Miesenberger, Klaus and Klaus, Joachim and Zagler, Wolfgang and Karshmer, Arthur},
	doi={10.1007/978-3-642-14097-6_54},
	title={Merging Web Accessibility and Usability by Patterns},
	url={http://dx.doi.org/10.1007/978-3-642-14097-6_54},
	publisher={Springer Berlin Heidelberg},
	author={Vieritz, Helmut and Schilberg, Daniel and Jeschke, Sabina},
	pages={336-342}
}

@incollection{Folmer:2005,
	year={2005},
	isbn={978-3-540-26097-4},
	booktitle={Engineering Human Computer Interaction and Interactive Systems},
	volume={3425},
	series={Lecture Notes in Computer Science},
	editor={Bastide, Rémi and Palanque, Philippe and Roth, Jörg},
	doi={10.1007/11431879_3},
	title={Software Architecture Analysis of Usability},
	url={http://dx.doi.org/10.1007/11431879_3},
	publisher={Springer Berlin Heidelberg},
	author={Folmer, Eelke and Gurp, Jilles and Bosch, Jan},
	pages={38-58}
}

@incollection{Lopes:2010,
	year={2010},
	isbn={978-3-642-14096-9},
	booktitle={Computers Helping People with Special Needs},
	volume={6179},
	series={Lecture Notes in Computer Science},
	editor={Miesenberger, Klaus and Klaus, Joachim and Zagler, Wolfgang and Karshmer, Arthur},
	doi={10.1007/978-3-642-14097-6_90},
	title={Redefining Assumptions: Accessibility and Its Stakeholders},
	url={http://dx.doi.org/10.1007/978-3-642-14097-6_90},
	publisher={Springer Berlin Heidelberg},
	keywords={Accessibility; Stakeholders; Survey},
	author={Lopes, Rui and Isacker, Karel and Carri\c{c}o, Luís},
	pages={561-568}
}

@incollection{Brajnik:2006,
	year={2006},
	isbn={978-3-540-36020-9},
	booktitle={Computers Helping People with Special Needs},
	volume={4061},
	series={Lecture Notes in Computer Science},
	editor={Miesenberger, Klaus and Klaus, Joachim and Zagler, WolfgangL. and Karshmer, ArthurI.},
	doi={10.1007/11788713_24},
	title={Web Accessibility Testing: When the Method Is the Culprit},
	url={http://dx.doi.org/10.1007/11788713_24},
	publisher={Springer Berlin Heidelberg},
	author={Brajnik, Giorgio},
	pages={156-163}
}

@incollection{Connor:2010,
	year={2010},
	isbn={978-3-642-14096-9},
	booktitle={Computers Helping People with Special Needs},
	volume={6179},
	series={Lecture Notes in Computer Science},
	editor={Miesenberger, Klaus and Klaus, Joachim and Zagler, Wolfgang and Karshmer, Arthur},
	doi={10.1007/978-3-642-14097-6_66},
	title={Is the Accessibility Audit Dead?},
	url={http://dx.doi.org/10.1007/978-3-642-14097-6_66},
	publisher={Springer Berlin Heidelberg},
	keywords={(e)Accessibility and Usability; eGovernment; eInclusion; Policies and Legislation; User Centered Design and User Involvement},
	author={Connor, JoshueO.},
	pages={413-416}
}


@misc{wcag:2008,
	Author = "{W3C World Wide Web Consortium}",
	Howpublished = {\url{http://www.w3.org/TR/WCAG20/}},
	Note = {[Online; accessed 20-May-2013]},
	Title = {{Web Content Accessibility Guidelines 2.0}},
	Year = {2008}}

@misc{wcagtechs:2012,
	Author = "{W3C World Wide Web Consortium}",
	Editor={Cooper, Michael and Guarino Reid, Loretta and Vanderheiden, Gregg}, 
	Howpublished = {\url{http://www.w3.org/TR/WCAG20-TECHS/}},
	Note = {[Online; accessed 20-May-2013]},
	Title = {{Techniques for WCAG 2.0}},
	Year = {2012}}
	
@misc{betterconnected:2013,
	Author = "{SOCITM}",
	Howpublished = {\url{http://www.socitm.net/info/214/socitm_insight/182/better_connected_2013}},
	Note = {[Online; accessed 20-May-2013]},
	Title = {{Better Connected 2013}},
	Year = {2013}}

@misc{bedstpaanettet:2013,
	Author = "{Digitaliseringsstyrelsen}",
	Howpublished = {\url{http://www.bedstpaanettet.dk/}},
	Note = {[Online; accessed 20-May-2013]},
	Title = {{Bedst p\aa Nettet}},
	Year = {2013}}

